@article{clonestructures,
    author  = "Edith Elkind and Piotr Faliszewski and Arkadii Slinko",
    title   = "Clone Structures in Voters' Preferences",
    year    = "2011",
}

@article{cloninginelections,
    author  = "Edith Elkind and Piotr Faliszewski and Arkadii Slinko",
    title   = "Cloning in Elections",
    year    = "2011",
    journal = "Journal of Artificial Intelligence Research",
    volume  = "42",
}


@article{usingcomplexity,
    author  = "Piotr Faliszewski and Edith Hemaspaandra and Lane Hemaspaandra",
    title   = "Using Complexity to Protect Elections",
    year    = "2010",
    journal = "Communications of the ACM",
    volume  = "53",
}

@article{compsocialchoice,
    author  = "Felix Brandt and Vincent Conitzer and Ulle Endriss",
    title   = "Computational Social Choice",
    year    = "2012",
}


@book{compcomplexity,
    author  = "Christos Papadimitriou",
    title   = "Computational Complexity",
    publisher = "Addison-Wesley",
    year    = "1993",
}


@book{graphtheory,
    author  = "Robin Wilson",
    title   = "Introduction to Graph Theory",
    publisher = "Pearson",
    year    = "2012",
}